<?xml version="1.0" encoding="UTF-8"?><collection xmlns="http://www.loc.gov/MARC21/slim"><record><leader>00524nam--2200181-i-4500</leader><controlfield tag="001">000003228</controlfield><controlfield tag="002">20161230</controlfield><controlfield tag="005">20161230201025</controlfield><controlfield tag="008">060222s1000------------r-----000-0-eng-d</controlfield><datafield ind1=" " ind2=" " tag="040"><subfield code="a">IFIN-HH</subfield></datafield><datafield ind1=" " ind2=" " tag="080"><subfield code="a">539.3</subfield></datafield><datafield ind1="1" ind2=" " tag="100"><subfield code="a">Gray, T.J</subfield></datafield><datafield ind1="1" ind2="0" tag="245"><subfield code="a">The defect solid state</subfield><subfield code="c">T.j. gray, d.p. detwiler, d.e. rase, w.g. lawrence, r.r. west, t.j. jennings</subfield></datafield><datafield ind1=" " ind2=" " tag="260"><subfield code="a">New York</subfield><subfield code="b">Interscience Publishers, Inc</subfield><subfield code="c">1957</subfield></datafield><datafield ind1=" " ind2=" " tag="300"><subfield code="a">VII + 511 P</subfield></datafield><datafield ind1="1" ind2=" " tag="700"><subfield code="a">Jennings, T.J</subfield></datafield><datafield ind1=" " ind2=" " tag="852"><subfield code="a">12868</subfield><subfield code="c">539.2</subfield></datafield><datafield ind1=" " ind2=" " tag="CAT"><subfield code="a">Sys</subfield><subfield code="c">20121003</subfield><subfield code="h">110206</subfield></datafield></record></collection>